|j|☆Navaloza26
|j|☆coatoverwatch
|t:|1748548167
|gametype|doubles
|player|p1|Navaloza26|pokemaniac|1153
|player|p2|coatoverwatch|ghetsis-gen5bw|1231
|teamsize|p1|6
|teamsize|p2|6
|gen|9
|tier|[Gen 9] Doubles Ubers
|rated|
|rule|HP Percentage Mod: HP is shown in percentages
|rule|Endless Battle Clause: Forcing endless battles is banned
|rule|Species Clause: Limit one of each Pokémon
|rule|OHKO Clause: OHKO moves are banned
|rule|Evasion Moves Clause: Evasion moves are banned
|clearpoke
|poke|p1|Sneasler, F|
|poke|p1|Rillaboom, F|
|poke|p1|Toxapex, F|
|poke|p1|Garganacl, F|
|poke|p1|Lunala|
|poke|p1|Tornadus, M|
|poke|p2|Amoonguss, M|
|poke|p2|Kyogre|
|poke|p2|Lugia|
|poke|p2|Gholdengo|
|poke|p2|Incineroar, F|
|poke|p2|Raging Bolt|
|teampreview
|inactive|Battle timer is ON: inactive players will automatically lose when time's up. (requested by coatoverwatch)
|
|t:|1748548171
|start
|switch|p1a: Rillaboom|Rillaboom, F, shiny|100/100
|switch|p1b: Sneasler|Sneasler, F, shiny|100/100
|switch|p2a: Amoonguss|Amoonguss, M, shiny|100/100
|switch|p2b: Incineroar|Incineroar, F|100/100
|-fieldstart|move: Grassy Terrain|[from] ability: Grassy Surge|[of] p1a: Rillaboom
|-enditem|p1b: Sneasler|Grassy Seed
|-boost|p1b: Sneasler|def|1|[from] item: Grassy Seed
|-ability|p2b: Incineroar|Intimidate|boost
|-unboost|p1a: Rillaboom|atk|1
|-unboost|p1b: Sneasler|atk|1
|turn|1
|
|t:|1748548191
|move|p1a: Rillaboom|Fake Out|p2a: Amoonguss
|-damage|p2a: Amoonguss|90/100
|move|p1b: Sneasler|Swords Dance|p1b: Sneasler
|-boost|p1b: Sneasler|atk|2
|move|p2b: Incineroar|Will-O-Wisp|p1b: Sneasler|[miss]
|-miss|p2b: Incineroar|p1b: Sneasler
|cant|p2a: Amoonguss|flinch
|
|-heal|p2a: Amoonguss|97/100|[from] Grassy Terrain
|-heal|p2a: Amoonguss|100/100|[from] item: Leftovers
|upkeep
|turn|2
|
|t:|1748548211
|move|p1b: Sneasler|Close Combat|p2b: Incineroar
|-supereffective|p2b: Incineroar
|-enditem|p2b: Incineroar|Focus Sash
|-damage|p2b: Incineroar|1/100
|-unboost|p1b: Sneasler|def|1
|-unboost|p1b: Sneasler|spd|1
|move|p1a: Rillaboom|U-turn|p2a: Amoonguss
|-damage|p2a: Amoonguss|82/100
|inactive|Navaloza26 has 120 seconds left.
|
|t:|1748548223
|switch|p1a: Garganacl|Garganacl, F, shiny|100/100|[from] U-turn
|move|p2b: Incineroar|Will-O-Wisp|p1b: Sneasler
|-status|p1b: Sneasler|brn
|move|p2a: Amoonguss|Toxic|p1a: Garganacl
|-immune|p1a: Garganacl|[from] ability: Purifying Salt
|
|-heal|p2b: Incineroar|7/100|[from] Grassy Terrain
|-heal|p2a: Amoonguss|88/100|[from] Grassy Terrain
|-heal|p2a: Amoonguss|94/100|[from] item: Leftovers
|-damage|p1b: Sneasler|95/100 brn|[from] brn
|upkeep
|turn|3
|
|t:|1748548249
|move|p2a: Amoonguss|Rage Powder|p2a: Amoonguss
|-singleturn|p2a: Amoonguss|move: Rage Powder
|move|p1b: Sneasler|Rock Slide|p2b: Incineroar|[spread] p2a,p2b
|-supereffective|p2b: Incineroar
|-damage|p2a: Amoonguss|79/100
|-damage|p2b: Incineroar|0 fnt
|faint|p2b: Incineroar
|move|p1a: Garganacl|Iron Defense|p1a: Garganacl
|-boost|p1a: Garganacl|def|2
|
|-heal|p1b: Sneasler|100/100 brn|[from] Grassy Terrain
|-heal|p2a: Amoonguss|85/100|[from] Grassy Terrain
|-heal|p2a: Amoonguss|91/100|[from] item: Leftovers
|-damage|p1b: Sneasler|95/100 brn|[from] brn
|upkeep
|inactive|coatoverwatch has 120 seconds left.
|
|t:|1748548259
|switch|p2b: Kyogre|Kyogre|100/100
|-weather|RainDance|[from] ability: Drizzle|[of] p2b: Kyogre
|turn|4
|
|t:|1748548275
|move|p1b: Sneasler|Acrobatics|p2b: Kyogre
|-damage|p2b: Kyogre|73/100
|move|p2b: Kyogre|Origin Pulse|p1b: Sneasler|[spread] p1a,p1b
|-supereffective|p1a: Garganacl
|-damage|p1a: Garganacl|2/100
|-damage|p1b: Sneasler|0 fnt
|faint|p1b: Sneasler
|move|p1a: Garganacl|Salt Cure|p2a: Amoonguss
|-damage|p2a: Amoonguss|77/100
|-start|p2a: Amoonguss|Salt Cure
|move|p2a: Amoonguss|Spore|p1a: Garganacl
|-immune|p1a: Garganacl|[from] ability: Purifying Salt
|
|-weather|RainDance|[upkeep]
|-heal|p2b: Kyogre|79/100|[from] Grassy Terrain
|-heal|p1a: Garganacl|9/100|[from] Grassy Terrain
|-heal|p1a: Garganacl|15/100|[from] item: Leftovers
|-heal|p2a: Amoonguss|84/100|[from] Grassy Terrain
|-heal|p2a: Amoonguss|90/100|[from] item: Leftovers
|-damage|p2a: Amoonguss|77/100|[from] Salt Cure
|upkeep
|inactive|Navaloza26 has 120 seconds left.
|
|t:|1748548295
|switch|p1b: Rillaboom|Rillaboom, F, shiny|100/100
|turn|5
|
|t:|1748548304
|move|p1b: Rillaboom|Wood Hammer|p2b: Kyogre
|-supereffective|p2b: Kyogre
|-damage|p2b: Kyogre|0 fnt
|faint|p2b: Kyogre
|-damage|p1b: Rillaboom|71/100|[from] Recoil
|move|p1a: Garganacl|Body Press|p2a: Amoonguss
|-resisted|p2a: Amoonguss
|-damage|p2a: Amoonguss|54/100
|move|p2a: Amoonguss|Toxic|p1b: Rillaboom
|-status|p1b: Rillaboom|tox
|
|-weather|RainDance|[upkeep]
|-heal|p1b: Rillaboom|77/100 tox|[from] Grassy Terrain
|-heal|p1a: Garganacl|21/100|[from] Grassy Terrain
|-heal|p1a: Garganacl|27/100|[from] item: Leftovers
|-heal|p2a: Amoonguss|60/100|[from] Grassy Terrain
|-heal|p2a: Amoonguss|66/100|[from] item: Leftovers
|-damage|p1b: Rillaboom|71/100 tox|[from] psn
|-damage|p2a: Amoonguss|54/100|[from] Salt Cure
|-fieldend|move: Grassy Terrain
|upkeep
|
|t:|1748548307
|switch|p2b: Lugia|Lugia|100/100
|turn|6
|inactive|Navaloza26 has 120 seconds left.
|
|t:|1748548344
|move|p1b: Rillaboom|U-turn|p2a: Amoonguss
|-damage|p2a: Amoonguss|25/100
|
|t:|1748548347
|switch|p1b: Toxapex|Toxapex, F, shiny|100/100|[from] U-turn
|move|p2b: Lugia|Tailwind|p2b: Lugia
|-sidestart|p2: coatoverwatch|move: Tailwind
|move|p2a: Amoonguss|Seed Bomb|p1a: Garganacl
|-supereffective|p1a: Garganacl
|-damage|p1a: Garganacl|9/100
|move|p1a: Garganacl|Salt Cure|p2b: Lugia
|-supereffective|p2b: Lugia
|-damage|p2b: Lugia|90/100
|-start|p2b: Lugia|Salt Cure
|
|-weather|RainDance|[upkeep]
|-heal|p2a: Amoonguss|31/100|[from] item: Leftovers
|-heal|p1a: Garganacl|16/100|[from] item: Leftovers
|-damage|p2b: Lugia|78/100|[from] Salt Cure
|-damage|p2a: Amoonguss|18/100|[from] Salt Cure
|upkeep
|turn|7
|
|t:|1748548365
|move|p2b: Lugia|Psychic|p1b: Toxapex
|-supereffective|p1b: Toxapex
|-damage|p1b: Toxapex|16/100
|-damage|p2b: Lugia|68/100|[from] item: Life Orb
|move|p2a: Amoonguss|Seed Bomb|p1a: Garganacl
|-supereffective|p1a: Garganacl
|-damage|p1a: Garganacl|0 fnt
|faint|p1a: Garganacl
|move|p1b: Toxapex|Toxic Spikes|p2a: Amoonguss
|-sidestart|p2: coatoverwatch|move: Toxic Spikes
|
|-weather|RainDance|[upkeep]
|-heal|p2a: Amoonguss|25/100|[from] item: Leftovers
|-damage|p2b: Lugia|56/100|[from] Salt Cure
|-damage|p2a: Amoonguss|12/100|[from] Salt Cure
|upkeep
|inactive|Navaloza26 has 120 seconds left.
|
|t:|1748548380
|switch|p1a: Lunala|Lunala, shiny|100/100
|turn|8
|
|t:|1748548391
|move|p2b: Lugia|Psychic|p1b: Toxapex
|-supereffective|p1b: Toxapex
|-damage|p1b: Toxapex|0 fnt
|faint|p1b: Toxapex
|-damage|p2b: Lugia|46/100|[from] item: Life Orb
|move|p1a: Lunala|Calm Mind|p1a: Lunala
|-boost|p1a: Lunala|spa|1
|-boost|p1a: Lunala|spd|1
|move|p2a: Amoonguss|Toxic|p1a: Lunala
|-status|p1a: Lunala|tox
|
|-weather|none
|-heal|p2a: Amoonguss|18/100|[from] item: Leftovers
|-damage|p1a: Lunala|94/100 tox|[from] psn
|-damage|p2b: Lugia|34/100|[from] Salt Cure
|-damage|p2a: Amoonguss|6/100|[from] Salt Cure
|upkeep
|inactive|Navaloza26 has 120 seconds left.
|
|t:|1748548405
|switch|p1b: Tornadus|Tornadus, M, shiny|100/100
|turn|9
|
|t:|1748548417
|move|p1b: Tornadus|Tailwind|p1b: Tornadus
|-sidestart|p1: Navaloza26|move: Tailwind
|move|p1a: Lunala|Psyshock|p2b: Lugia
|-resisted|p2b: Lugia
|-damage|p2b: Lugia|13/100
|move|p2b: Lugia|Psychic|p1b: Tornadus
|-damage|p1b: Tornadus|51/100
|-damage|p2b: Lugia|3/100|[from] item: Life Orb
|move|p2a: Amoonguss|Toxic|p1b: Tornadus
|-status|p1b: Tornadus|tox
|
|-heal|p2a: Amoonguss|12/100|[from] item: Leftovers
|-damage|p1a: Lunala|82/100 tox|[from] psn
|-damage|p1b: Tornadus|45/100 tox|[from] psn
|-damage|p2b: Lugia|0 fnt|[from] Salt Cure
|faint|p2b: Lugia
|-damage|p2a: Amoonguss|0 fnt|[from] Salt Cure
|faint|p2a: Amoonguss
|-sideend|p2: coatoverwatch|move: Tailwind
|upkeep
|
|t:|1748548432
|switch|p2b: Raging Bolt|Raging Bolt|100/100
|switch|p2a: Gholdengo|Gholdengo|100/100
|-status|p2b: Raging Bolt|psn
|-enditem|p2b: Raging Bolt|Booster Energy
|-activate|p2b: Raging Bolt|ability: Protosynthesis|[fromitem]
|-start|p2b: Raging Bolt|protosynthesisspa
|turn|10
|inactive|Navaloza26 has 120 seconds left.
|
|t:|1748548465
|move|p1b: Tornadus|Protect|p1b: Tornadus
|-singleturn|p1b: Tornadus|Protect
|move|p2b: Raging Bolt|Thunderclap||[still]
|-fail|p2b: Raging Bolt
|move|p1a: Lunala|Moongeist Beam|p2a: Gholdengo
|-supereffective|p2a: Gholdengo
|-damage|p2a: Gholdengo|0 fnt
|faint|p2a: Gholdengo
|
|-damage|p1a: Lunala|64/100 tox|[from] psn
|-damage|p1b: Tornadus|33/100 tox|[from] psn
|-damage|p2b: Raging Bolt|88/100 psn|[from] psn
|upkeep
|turn|11
|
|t:|1748548484
|move|p1a: Lunala|Moongeist Beam|p2b: Raging Bolt
|-damage|p2b: Raging Bolt|21/100 psn
|move|p1b: Tornadus|Sludge Bomb|p2b: Raging Bolt
|-damage|p2b: Raging Bolt|0 fnt
|faint|p2b: Raging Bolt
|-end|p2b: Raging Bolt|Protosynthesis|[silent]
|
|win|Navaloza26
|raw|Navaloza26's rating: 1153 &rarr; <strong>1184</strong><br />(+31 for winning)
|raw|coatoverwatch's rating: 1231 &rarr; <strong>1200</strong><br />(-31 for losing)
