|j|☆coatoverwatch
|j|☆Jimehhh
|t:|1748549041
|gametype|doubles
|player|p1|coatoverwatch|ghetsis-gen5bw|1105
|player|p2|Jimehhh|guzma|1214
|teamsize|p1|6
|teamsize|p2|6
|gen|9
|tier|[Gen 9] Doubles Ubers
|rated|
|rule|HP Percentage Mod: HP is shown in percentages
|rule|Endless Battle Clause: Forcing endless battles is banned
|rule|Species Clause: Limit one of each Pokémon
|rule|OHKO Clause: OHKO moves are banned
|rule|Evasion Moves Clause: Evasion moves are banned
|clearpoke
|poke|p1|Amoonguss, M|
|poke|p1|Kyogre|
|poke|p1|Lugia|
|poke|p1|Gholdengo|
|poke|p1|Incineroar, M|
|poke|p1|Raging Bolt|
|poke|p2|Koraidon|
|poke|p2|Ho-Oh|
|poke|p2|Rhydon, M|
|poke|p2|Toxapex, F|
|poke|p2|Walking Wake|
|poke|p2|Comfey, M|
|teampreview
|inactive|Battle timer is ON: inactive players will automatically lose when time's up. (requested by Jimehhh)
|inactive|coatoverwatch also wants the timer to be on.
|
|t:|1748549067
|start
|switch|p1a: Amoonguss|Amoonguss, M, shiny|100/100
|switch|p1b: Incineroar|Incineroar, M|100/100
|switch|p2a: Ho-Oh|Ho-Oh, shiny|100/100
|switch|p2b: Rhydon|Rhydon, M|100/100
|-ability|p1b: Incineroar|Intimidate|boost
|-unboost|p2a: Ho-Oh|atk|1
|-unboost|p2b: Rhydon|atk|1
|turn|1
|
|t:|1748549077
|move|p2a: Ho-Oh|Protect|p2a: Ho-Oh
|-singleturn|p2a: Ho-Oh|Protect
|move|p2b: Rhydon|Protect|p2b: Rhydon
|-singleturn|p2b: Rhydon|Protect
|move|p1b: Incineroar|Fake Out|p2a: Ho-Oh
|-activate|p2a: Ho-Oh|move: Protect
|move|p1a: Amoonguss|Spore|p2a: Ho-Oh
|-activate|p2a: Ho-Oh|move: Protect
|
|upkeep
|turn|2
|
|t:|1748549088
|-terastallize|p2a: Ho-Oh|Grass
|move|p2a: Ho-Oh|Tailwind|p2a: Ho-Oh
|-sidestart|p2: Jimehhh|move: Tailwind
|move|p2b: Rhydon|Swords Dance|p2b: Rhydon
|-boost|p2b: Rhydon|atk|2
|move|p1b: Incineroar|Will-O-Wisp|p2b: Rhydon
|-status|p2b: Rhydon|brn
|move|p1a: Amoonguss|Spore|p2a: Ho-Oh
|-immune|p2a: Ho-Oh
|
|-damage|p2b: Rhydon|94/100 brn|[from] brn
|upkeep
|turn|3
|
|t:|1748549104
|switch|p2b: Koraidon|Koraidon|100/100
|-weather|SunnyDay|[from] ability: Orichalcum Pulse|[of] p2b: Koraidon
|-activate|p2b: Koraidon|Orichalcum Pulse|[source]
|move|p2a: Ho-Oh|Sacred Fire|p1a: Amoonguss
|-supereffective|p1a: Amoonguss
|-damage|p1a: Amoonguss|0 fnt
|faint|p1a: Amoonguss
|move|p1b: Incineroar|Will-O-Wisp|p2a: Ho-Oh
|-status|p2a: Ho-Oh|brn
|
|-weather|SunnyDay|[upkeep]
|-damage|p2a: Ho-Oh|94/100 brn|[from] brn
|upkeep
|
|t:|1748549115
|switch|p1a: Lugia|Lugia|100/100
|turn|4
|
|t:|1748549123
|move|p2a: Ho-Oh|Protect|p2a: Ho-Oh
|-singleturn|p2a: Ho-Oh|Protect
|move|p2b: Koraidon|Collision Course|p1b: Incineroar
|-supereffective|p1b: Incineroar
|-enditem|p1b: Incineroar|Focus Sash
|-damage|p1b: Incineroar|1/100
|move|p1a: Lugia|Tailwind|p1a: Lugia
|-sidestart|p1: coatoverwatch|move: Tailwind
|move|p1b: Incineroar|Will-O-Wisp|p2b: Koraidon
|-status|p2b: Koraidon|brn
|
|-weather|SunnyDay|[upkeep]
|-heal|p2a: Ho-Oh|100/100 brn|[from] item: Leftovers
|-damage|p2b: Koraidon|94/100 brn|[from] brn
|-damage|p2a: Ho-Oh|94/100 brn|[from] brn
|upkeep
|turn|5
|
|t:|1748549150
|move|p1b: Incineroar|Helping Hand|p1a: Lugia
|-singleturn|p1a: Lugia|Helping Hand|[of] p1b: Incineroar
|move|p2b: Koraidon|U-turn|p1b: Incineroar
|-damage|p1b: Incineroar|0 fnt
|faint|p1b: Incineroar
|inactive|Jimehhh has 120 seconds left.
|
|t:|1748549167
|switch|p2b: Walking Wake|Walking Wake|100/100|[from] U-turn
|-activate|p2b: Walking Wake|ability: Protosynthesis
|-start|p2b: Walking Wake|protosynthesisspa
|move|p1a: Lugia|Hurricane|p2a: Ho-Oh
|-supereffective|p2a: Ho-Oh
|-damage|p2a: Ho-Oh|0 fnt
|faint|p2a: Ho-Oh
|-damage|p1a: Lugia|91/100|[from] item: Life Orb
|
|-weather|SunnyDay|[upkeep]
|-sideend|p2: Jimehhh|move: Tailwind
|upkeep
|
|t:|1748549178
|switch|p2a: Rhydon|Rhydon, M|94/100 brn
|switch|p1b: Kyogre|Kyogre|100/100
|-weather|RainDance|[from] ability: Drizzle|[of] p1b: Kyogre
|-end|p2b: Walking Wake|Protosynthesis
|turn|6
|
|t:|1748549189
|switch|p2a: Toxapex|Toxapex, F, shiny|100/100
|move|p2b: Walking Wake|Protect|p2b: Walking Wake
|-singleturn|p2b: Walking Wake|Protect
|move|p1a: Lugia|Hurricane|p2b: Walking Wake
|-activate|p2b: Walking Wake|move: Protect
|move|p1b: Kyogre|Origin Pulse|p2b: Walking Wake|[spread] 
|-activate|p2b: Walking Wake|move: Protect
|-miss|p1b: Kyogre|p2a: Toxapex
|
|-weather|RainDance|[upkeep]
|upkeep
|turn|7
|
|t:|1748549202
|move|p2a: Toxapex|Wide Guard|p2a: Toxapex
|-singleturn|p2a: Toxapex|Wide Guard
|move|p1a: Lugia|Hurricane|p2b: Walking Wake
|-damage|p2b: Walking Wake|22/100
|-damage|p1a: Lugia|81/100|[from] item: Life Orb
|move|p1b: Kyogre|Blizzard|p2b: Walking Wake|[spread] 
|-activate|p2a: Toxapex|move: Wide Guard
|-activate|p2b: Walking Wake|move: Wide Guard
|move|p2b: Walking Wake|Snarl|p1a: Lugia|[spread] p1a,p1b
|-supereffective|p1a: Lugia
|-damage|p1a: Lugia|61/100
|-damage|p1b: Kyogre|88/100
|-unboost|p1a: Lugia|spa|1
|-unboost|p1b: Kyogre|spa|1
|-damage|p2b: Walking Wake|13/100|[from] item: Life Orb
|
|-weather|RainDance|[upkeep]
|-sideend|p1: coatoverwatch|move: Tailwind
|upkeep
|turn|8
|
|t:|1748549223
|move|p2b: Walking Wake|Hydro Steam|p1a: Lugia
|-damage|p1a: Lugia|19/100
|-damage|p2b: Walking Wake|3/100|[from] item: Life Orb
|move|p1a: Lugia|Tailwind|p1a: Lugia
|-sidestart|p1: coatoverwatch|move: Tailwind
|move|p1b: Kyogre|Thunder|p2a: Toxapex
|-supereffective|p2a: Toxapex
|-damage|p2a: Toxapex|49/100
|move|p2a: Toxapex|Toxic|p1b: Kyogre
|-status|p1b: Kyogre|tox
|
|-weather|RainDance|[upkeep]
|-damage|p1b: Kyogre|82/100 tox|[from] psn
|upkeep
|turn|9
|
|t:|1748549244
|switch|p1b: Raging Bolt|Raging Bolt|100/100
|-enditem|p1b: Raging Bolt|Booster Energy
|-activate|p1b: Raging Bolt|ability: Protosynthesis|[fromitem]
|-start|p1b: Raging Bolt|protosynthesisspa
|-end|p2b: Walking Wake|Protosynthesis|[silent]
|switch|p2b: Rhydon|Rhydon, M|94/100 brn
|move|p2a: Toxapex|Baneful Bunker|p2a: Toxapex
|-singleturn|p2a: Toxapex|move: Protect
|move|p1a: Lugia|Psychic|p2a: Toxapex
|-activate|p2a: Toxapex|move: Protect
|
|-weather|RainDance|[upkeep]
|-damage|p2b: Rhydon|88/100 brn|[from] brn
|upkeep
|turn|10
|
|t:|1748549270
|move|p1b: Raging Bolt|Thunderclap||[still]
|-activate|p2b: Rhydon|ability: Lightning Rod
|-fail|p1b: Raging Bolt
|move|p1a: Lugia|Psychic|p2b: Rhydon
|-damage|p2b: Rhydon|55/100 brn
|-damage|p1a: Lugia|9/100|[from] item: Life Orb
|move|p2b: Rhydon|Swords Dance|p2b: Rhydon
|-boost|p2b: Rhydon|atk|2
|move|p2a: Toxapex|Toxic|p1b: Raging Bolt
|-status|p1b: Raging Bolt|tox
|
|-weather|none
|-damage|p1b: Raging Bolt|94/100 tox|[from] psn
|-damage|p2b: Rhydon|49/100 brn|[from] brn
|upkeep
|turn|11
|
|t:|1748549287
|switch|p2a: Koraidon|Koraidon|94/100 brn
|-weather|SunnyDay|[from] ability: Orichalcum Pulse|[of] p2a: Koraidon
|-activate|p2a: Koraidon|Orichalcum Pulse|[source]
|move|p2b: Rhydon|Protect|p2b: Rhydon
|-singleturn|p2b: Rhydon|Protect
|move|p1a: Lugia|Psychic|p2a: Koraidon
|-supereffective|p2a: Koraidon
|-damage|p2a: Koraidon|54/100 brn
|-damage|p1a: Lugia|0 fnt|[from] item: Life Orb
|faint|p1a: Lugia
|move|p1b: Raging Bolt|Draco Meteor|p2b: Rhydon
|-activate|p2b: Rhydon|move: Protect
|
|-weather|SunnyDay|[upkeep]
|-damage|p1b: Raging Bolt|82/100 tox|[from] psn
|-damage|p2a: Koraidon|48/100 brn|[from] brn
|-damage|p2b: Rhydon|43/100 brn|[from] brn
|-sideend|p1: coatoverwatch|move: Tailwind
|upkeep
|
|t:|1748549299
|switch|p1a: Kyogre|Kyogre|82/100 tox
|-weather|RainDance|[from] ability: Drizzle|[of] p1a: Kyogre
|turn|12
|
|t:|1748549316
|-terastallize|p1a: Kyogre|Water
|move|p2a: Koraidon|U-turn|p1a: Kyogre
|-damage|p1a: Kyogre|70/100 tox
|
|t:|1748549321
|switch|p2a: Comfey|Comfey, M, shiny|100/100|[from] U-turn
|move|p1a: Kyogre|Origin Pulse|p2a: Comfey|[spread] p2a,p2b
|-supereffective|p2b: Rhydon
|-damage|p2a: Comfey|0 fnt
|-damage|p2b: Rhydon|0 fnt
|faint|p2a: Comfey
|faint|p2b: Rhydon
|move|p1b: Raging Bolt|Electroweb|p2: Comfey|[notarget]
|-fail|p1b: Raging Bolt
|
|-weather|RainDance|[upkeep]
|-damage|p1a: Kyogre|64/100 tox|[from] psn
|-damage|p1b: Raging Bolt|63/100 tox|[from] psn
|upkeep
|-message|Jimehhh forfeited.
|
|win|coatoverwatch
|raw|coatoverwatch's rating: 1105 &rarr; <strong>1138</strong><br />(+33 for winning)
|raw|Jimehhh's rating: 1214 &rarr; <strong>1181</strong><br />(-33 for losing)
|l|☆Jimehhh
|player|p2|
