|j|☆coatoverwatch
|j|☆needle (luigi guy)
|t:|1748544864
|gametype|doubles
|player|p1|coatoverwatch|ghetsis-gen5bw|1125
|player|p2|needle (luigi guy)|hilbert|1021
|teamsize|p1|6
|teamsize|p2|6
|gen|9
|tier|[Gen 9] Doubles Ubers
|rated|
|rule|HP Percentage Mod: HP is shown in percentages
|rule|Endless Battle Clause: Forcing endless battles is banned
|rule|Species Clause: Limit one of each Pokémon
|rule|OHKO Clause: OHKO moves are banned
|rule|Evasion Moves Clause: Evasion moves are banned
|clearpoke
|poke|p1|Amoonguss, M|
|poke|p1|Kyogre|
|poke|p1|Lugia|
|poke|p1|Gholdengo|
|poke|p1|Incineroar, F|
|poke|p1|Raging Bolt|
|poke|p2|Amoonguss, M|
|poke|p2|Scovillain, F|
|poke|p2|Kingambit, M|
|poke|p2|Torkoal, F|
|poke|p2|Flutter Mane|
|poke|p2|Chi-Yu|
|teampreview
|inactive|Battle timer is ON: inactive players will automatically lose when time's up. (requested by coatoverwatch)
|
|t:|1748544871
|start
|switch|p1a: Amoonguss|Amoonguss, M, shiny|100/100
|switch|p1b: Incineroar|Incineroar, F|100/100
|switch|p2a: Scovillain|Scovillain, F, shiny|100/100
|switch|p2b: Torkoal|Torkoal, F|100/100
|-ability|p1b: Incineroar|Intimidate|boost
|-unboost|p2a: Scovillain|atk|1
|-unboost|p2b: Torkoal|atk|1
|-weather|SunnyDay|[from] ability: Drought|[of] p2b: Torkoal
|turn|1
|
|t:|1748544890
|move|p1b: Incineroar|Fake Out|p2a: Scovillain
|-damage|p2a: Scovillain|85/100
|cant|p2a: Scovillain|flinch
|move|p1a: Amoonguss|Spore|p2b: Torkoal
|-status|p2b: Torkoal|slp|[from] move: Spore
|cant|p2b: Torkoal|slp
|
|-weather|SunnyDay|[upkeep]
|-heal|p2a: Scovillain|91/100|[from] item: Leftovers
|upkeep
|turn|2
|
|t:|1748544906
|move|p2a: Scovillain|Substitute|p2a: Scovillain
|-start|p2a: Scovillain|Substitute
|-damage|p2a: Scovillain|66/100
|move|p1b: Incineroar|Parting Shot|p2a: Scovillain
|-unboost|p2a: Scovillain|atk|1
|-unboost|p2a: Scovillain|spa|1
|
|t:|1748544911
|switch|p1b: Kyogre|Kyogre|100/100|[from] Parting Shot
|-weather|RainDance|[from] ability: Drizzle|[of] p1b: Kyogre
|move|p1a: Amoonguss|Toxic||[still]
|-fail|p1a: Amoonguss
|cant|p2b: Torkoal|slp
|
|-weather|RainDance|[upkeep]
|-heal|p2a: Scovillain|72/100|[from] item: Leftovers
|upkeep
|turn|3
|
|t:|1748544925
|switch|p2a: Kingambit|Kingambit, M|100/100
|switch|p2b: Amoonguss|Amoonguss, M|100/100
|move|p1a: Amoonguss|Rage Powder|p1a: Amoonguss
|-singleturn|p1a: Amoonguss|move: Rage Powder
|move|p1b: Kyogre|Origin Pulse|p2b: Amoonguss|[spread] p2a,p2b
|-resisted|p2b: Amoonguss
|-damage|p2a: Kingambit|30/100
|-damage|p2b: Amoonguss|76/100
|
|-weather|RainDance|[upkeep]
|upkeep
|turn|4
|
|t:|1748544943
|move|p2b: Amoonguss|Rage Powder|p2b: Amoonguss
|-singleturn|p2b: Amoonguss|move: Rage Powder
|move|p1b: Kyogre|Blizzard|p2b: Amoonguss|[spread] p2a,p2b
|-resisted|p2a: Kingambit
|-crit|p2a: Kingambit
|-supereffective|p2b: Amoonguss
|-damage|p2a: Kingambit|6/100
|-damage|p2b: Amoonguss|33/100
|move|p2a: Kingambit|Kowtow Cleave|p1b: Kyogre
|-damage|p1b: Kyogre|48/100
|move|p1a: Amoonguss|Seed Bomb|p2a: Kingambit
|-resisted|p2a: Kingambit
|-damage|p2a: Kingambit|0 fnt
|faint|p2a: Kingambit
|-end|p2a: Kingambit|fallenundefined|[silent]
|
|-weather|RainDance|[upkeep]
|upkeep
|inactive|needle (luigi guy) has 120 seconds left.
|
|t:|1748544959
|switch|p2a: Torkoal|Torkoal, F|100/100 slp
|-weather|SunnyDay|[from] ability: Drought|[of] p2a: Torkoal
|turn|5
|
|t:|1748544984
|switch|p1b: Incineroar|Incineroar, F|100/100
|-ability|p1b: Incineroar|Intimidate|boost
|-unboost|p2a: Torkoal|atk|1
|-unboost|p2b: Amoonguss|atk|1
|move|p1a: Amoonguss|Toxic||[still]
|-fail|p1a: Amoonguss
|-curestatus|p2a: Torkoal|slp|[msg]
|move|p2a: Torkoal|Lava Plume|p1b: Incineroar|[spread] p2b,p1a,p1b
|-supereffective|p2b: Amoonguss
|-supereffective|p1a: Amoonguss
|-resisted|p1b: Incineroar
|-damage|p2b: Amoonguss|0 fnt
|-damage|p1a: Amoonguss|68/100
|-damage|p1b: Incineroar|92/100
|faint|p2b: Amoonguss
|
|-weather|SunnyDay|[upkeep]
|-heal|p1a: Amoonguss|74/100|[from] item: Leftovers
|upkeep
|
|t:|1748544998
|switch|p2b: Scovillain|Scovillain, F, shiny|72/100
|turn|6
|inactive|needle (luigi guy) has 120 seconds left.
|
|t:|1748545035
|move|p1b: Incineroar|Fake Out|p2a: Torkoal
|-damage|p2a: Torkoal|94/100
|move|p2b: Scovillain|Spicy Extract|p1b: Incineroar
|-boost|p1b: Incineroar|atk|2
|-unboost|p1b: Incineroar|def|2
|move|p1a: Amoonguss|Toxic|p2b: Scovillain
|-status|p2b: Scovillain|tox
|cant|p2a: Torkoal|flinch
|
|-weather|SunnyDay|[upkeep]
|-heal|p2b: Scovillain|79/100 tox|[from] item: Leftovers
|-heal|p1a: Amoonguss|81/100|[from] item: Leftovers
|-damage|p2b: Scovillain|72/100 tox|[from] psn
|upkeep
|turn|7
|-message|needle (luigi guy) forfeited.
|
|win|coatoverwatch
|raw|coatoverwatch's rating: 1125 &rarr; <strong>1143</strong><br />(+18 for winning)
|raw|needle (luigi guy)'s rating: 1021 &rarr; <strong>1012</strong><br />(-9 for losing)
|l|☆needle (luigi guy)
|player|p2|
