|j|☆AlexiaWatson
|j|☆coatoverwatch
|t:|1748538868
|gametype|doubles
|player|p1|AlexiaWatson|cynthia|1107
|player|p2|coatoverwatch|ghetsis-gen5bw|1113
|teamsize|p1|6
|teamsize|p2|6
|gen|9
|tier|[Gen 9] Doubles Ubers
|rated|
|rule|HP Percentage Mod: HP is shown in percentages
|rule|Endless Battle Clause: Forcing endless battles is banned
|rule|Species Clause: Limit one of each Pokémon
|rule|OHKO Clause: OHKO moves are banned
|rule|Evasion Moves Clause: Evasion moves are banned
|clearpoke
|poke|p1|Kyogre|
|poke|p1|Incineroar, M|
|poke|p1|Rillaboom, M|
|poke|p1|Urshifu-*, M|
|poke|p1|Farigiraf, F|
|poke|p1|Thundurus, M|
|poke|p2|Amoonguss, M|
|poke|p2|Kyogre|
|poke|p2|Lugia|
|poke|p2|Gholdengo|
|poke|p2|Incineroar, M|
|poke|p2|Raging Bolt|
|teampreview
|inactive|Battle timer is ON: inactive players will automatically lose when time's up. (requested by coatoverwatch)
|
|t:|1748538874
|start
|switch|p1a: Kyogre|Kyogre, shiny|100/100
|switch|p1b: Farigiraf|Farigiraf, F|100/100
|switch|p2a: Amoonguss|Amoonguss, M, shiny|100/100
|switch|p2b: Incineroar|Incineroar, M|100/100
|-weather|RainDance|[from] ability: Drizzle|[of] p1a: Kyogre
|-ability|p2b: Incineroar|Intimidate|boost
|-unboost|p1a: Kyogre|atk|1
|-unboost|p1b: Farigiraf|atk|1
|turn|1
|
|t:|1748538887
|-terastallize|p1a: Kyogre|Grass
|move|p1b: Farigiraf|Helping Hand|p1a: Kyogre
|-singleturn|p1a: Kyogre|Helping Hand|[of] p1b: Farigiraf
|move|p2b: Incineroar|Fake Out||[still]
|cant|p1b: Farigiraf|ability: Armor Tail|Fake Out|[of] p2b: Incineroar
|move|p1a: Kyogre|Water Spout|p2a: Amoonguss|[spread] p2a,p2b
|-resisted|p2a: Amoonguss
|-crit|p2a: Amoonguss
|-supereffective|p2b: Incineroar
|-damage|p2a: Amoonguss|38/100
|-enditem|p2b: Incineroar|Focus Sash
|-damage|p2b: Incineroar|1/100
|move|p2a: Amoonguss|Toxic|p1a: Kyogre
|-status|p1a: Kyogre|tox
|
|-weather|RainDance|[upkeep]
|-heal|p2a: Amoonguss|44/100|[from] item: Leftovers
|-damage|p1a: Kyogre|94/100 tox|[from] psn
|upkeep
|turn|2
|
|t:|1748538917
|move|p1b: Farigiraf|Helping Hand|p1a: Kyogre
|-singleturn|p1a: Kyogre|Helping Hand|[of] p1b: Farigiraf
|move|p1a: Kyogre|Water Spout|p2a: Amoonguss|[spread] p2a,p2b
|-resisted|p2a: Amoonguss
|-supereffective|p2b: Incineroar
|-damage|p2a: Amoonguss|1/100
|-damage|p2b: Incineroar|0 fnt
|faint|p2b: Incineroar
|move|p2a: Amoonguss|Spore|p1b: Farigiraf
|-status|p1b: Farigiraf|slp|[from] move: Spore
|
|-weather|RainDance|[upkeep]
|-heal|p2a: Amoonguss|7/100|[from] item: Leftovers
|-damage|p1a: Kyogre|82/100 tox|[from] psn
|upkeep
|inactive|coatoverwatch has 120 seconds left.
|
|t:|1748538924
|switch|p2b: Lugia|Lugia|100/100
|turn|3
|
|t:|1748538947
|cant|p1b: Farigiraf|slp
|move|p2b: Lugia|Hurricane|p1a: Kyogre
|-supereffective|p1a: Kyogre
|-damage|p1a: Kyogre|30/100 tox
|-damage|p2b: Lugia|91/100|[from] item: Life Orb
|move|p1a: Kyogre|Thunder|p2b: Lugia
|-supereffective|p2b: Lugia
|-damage|p2b: Lugia|42/100
|move|p2a: Amoonguss|Seed Bomb|p1b: Farigiraf
|-crit|p1b: Farigiraf
|-damage|p1b: Farigiraf|73/100 slp
|
|-weather|RainDance|[upkeep]
|-heal|p2a: Amoonguss|13/100|[from] item: Leftovers
|-damage|p1a: Kyogre|11/100 tox|[from] psn
|upkeep
|turn|4
|
|t:|1748538975
|-terastallize|p2b: Lugia|Ground
|-curestatus|p1b: Farigiraf|slp|[msg]
|move|p1b: Farigiraf|Helping Hand|p1a: Kyogre
|-singleturn|p1a: Kyogre|Helping Hand|[of] p1b: Farigiraf
|move|p2b: Lugia|Calm Mind|p2b: Lugia
|-boost|p2b: Lugia|spa|1
|-boost|p2b: Lugia|spd|1
|move|p1a: Kyogre|Origin Pulse|p2a: Amoonguss|[spread] p2a
|-miss|p1a: Kyogre|p2b: Lugia
|-resisted|p2a: Amoonguss
|-damage|p2a: Amoonguss|0 fnt
|faint|p2a: Amoonguss
|
|-weather|RainDance|[upkeep]
|-damage|p1a: Kyogre|0 fnt|[from] psn
|faint|p1a: Kyogre
|upkeep
|inactive|AlexiaWatson has 120 seconds left.
|inactive|coatoverwatch has 120 seconds left.
|
|t:|1748538994
|switch|p1a: Rillaboom|Rillaboom, M, shiny|100/100
|switch|p2a: Raging Bolt|Raging Bolt|100/100
|-fieldstart|move: Grassy Terrain|[from] ability: Grassy Surge|[of] p1a: Rillaboom
|-enditem|p2a: Raging Bolt|Booster Energy
|-activate|p2a: Raging Bolt|ability: Protosynthesis|[fromitem]
|-start|p2a: Raging Bolt|protosynthesisspa
|turn|5
|inactive|AlexiaWatson has 120 seconds left.
|
|t:|1748539013
|move|p1b: Farigiraf|Helping Hand|p1a: Rillaboom
|-singleturn|p1a: Rillaboom|Helping Hand|[of] p1b: Farigiraf
|move|p1a: Rillaboom|Grassy Glide|p2b: Lugia
|-supereffective|p2b: Lugia
|-damage|p2b: Lugia|0 fnt
|faint|p2b: Lugia
|move|p2a: Raging Bolt|Electroweb|p1b: Farigiraf|[spread] p1a,p1b
|-resisted|p1a: Rillaboom
|-damage|p1a: Rillaboom|89/100
|-damage|p1b: Farigiraf|43/100
|-unboost|p1a: Rillaboom|spe|1
|-unboost|p1b: Farigiraf|spe|1
|
|-weather|none
|-heal|p1a: Rillaboom|95/100|[from] Grassy Terrain
|-heal|p1b: Farigiraf|49/100|[from] Grassy Terrain
|upkeep
|inactive|coatoverwatch has 120 seconds left.
|
|t:|1748539026
|switch|p2b: Gholdengo|Gholdengo|100/100
|turn|6
|
|t:|1748539040
|move|p2b: Gholdengo|Dazzling Gleam|p1b: Farigiraf|[spread] p1a,p1b
|-damage|p1a: Rillaboom|74/100
|-damage|p1b: Farigiraf|25/100
|-damage|p2b: Gholdengo|91/100|[from] item: Life Orb
|move|p1a: Rillaboom|Knock Off|p2b: Gholdengo
|-supereffective|p2b: Gholdengo
|-damage|p2b: Gholdengo|33/100
|-enditem|p2b: Gholdengo|Life Orb|[from] move: Knock Off|[of] p1a: Rillaboom
|move|p2a: Raging Bolt|Electroweb|p1a: Rillaboom|[spread] p1a,p1b
|-resisted|p1a: Rillaboom
|-damage|p1a: Rillaboom|62/100
|-damage|p1b: Farigiraf|0 fnt
|-unboost|p1a: Rillaboom|spe|1
|faint|p1b: Farigiraf
|
|-heal|p2b: Gholdengo|39/100|[from] Grassy Terrain
|-heal|p1a: Rillaboom|68/100|[from] Grassy Terrain
|upkeep
|
|t:|1748539055
|switch|p1b: Incineroar|Incineroar, M, shiny|100/100
|-ability|p1b: Incineroar|Intimidate|boost
|-unboost|p2a: Raging Bolt|atk|1
|-unboost|p2b: Gholdengo|atk|1
|turn|7
|
|t:|1748539077
|move|p1b: Incineroar|Fake Out|p2a: Raging Bolt
|-damage|p2a: Raging Bolt|91/100
|cant|p2a: Raging Bolt|flinch
|move|p2b: Gholdengo|Dazzling Gleam|p1b: Incineroar|[spread] p1a,p1b
|-damage|p1a: Rillaboom|52/100
|-damage|p1b: Incineroar|83/100
|move|p1a: Rillaboom|Knock Off|p2b: Gholdengo
|-supereffective|p2b: Gholdengo
|-damage|p2b: Gholdengo|0 fnt
|faint|p2b: Gholdengo
|
|-heal|p2a: Raging Bolt|97/100|[from] Grassy Terrain
|-heal|p1b: Incineroar|89/100|[from] Grassy Terrain
|-heal|p1a: Rillaboom|58/100|[from] Grassy Terrain
|upkeep
|
|t:|1748539085
|switch|p2b: Kyogre|Kyogre|100/100
|-weather|RainDance|[from] ability: Drizzle|[of] p2b: Kyogre
|turn|8
|
|t:|1748539108
|move|p1a: Rillaboom|Grassy Glide|p2b: Kyogre
|-supereffective|p2b: Kyogre
|-damage|p2b: Kyogre|44/100
|move|p2b: Kyogre|Blizzard|p1a: Rillaboom|[spread] p1a,p1b
|-supereffective|p1a: Rillaboom
|-resisted|p1b: Incineroar
|-damage|p1a: Rillaboom|5/100
|-damage|p1b: Incineroar|73/100
|move|p2a: Raging Bolt|Calm Mind|p2a: Raging Bolt
|-boost|p2a: Raging Bolt|spa|1
|-boost|p2a: Raging Bolt|spd|1
|move|p1b: Incineroar|Parting Shot|p2b: Kyogre
|-unboost|p2b: Kyogre|atk|1
|-unboost|p2b: Kyogre|spa|1
|inactive|AlexiaWatson has 120 seconds left.
|
|t:|1748539122
|switch|p1b: Urshifu|Urshifu-Rapid-Strike, M|100/100|[from] Parting Shot
|
|-weather|RainDance|[upkeep]
|-heal|p2b: Kyogre|50/100|[from] Grassy Terrain
|-heal|p2a: Raging Bolt|100/100|[from] Grassy Terrain
|-heal|p1a: Rillaboom|11/100|[from] Grassy Terrain
|upkeep
|turn|9
|
|t:|1748539133
|move|p2a: Raging Bolt|Thunderclap|p1b: Urshifu
|-supereffective|p1b: Urshifu
|-damage|p1b: Urshifu|0 fnt
|faint|p1b: Urshifu
|move|p1a: Rillaboom|Grassy Glide|p2b: Kyogre
|-supereffective|p2b: Kyogre
|-damage|p2b: Kyogre|0 fnt
|faint|p2b: Kyogre
|
|-weather|RainDance|[upkeep]
|-heal|p1a: Rillaboom|18/100|[from] Grassy Terrain
|-fieldend|move: Grassy Terrain
|upkeep
|
|t:|1748539141
|switch|p1b: Incineroar|Incineroar, M, shiny|73/100
|-ability|p1b: Incineroar|Intimidate|boost
|-unboost|p2a: Raging Bolt|atk|1
|turn|10
|
|t:|1748539148
|move|p1b: Incineroar|Fake Out|p2a: Raging Bolt
|-damage|p2a: Raging Bolt|91/100
|cant|p2a: Raging Bolt|flinch
|move|p1a: Rillaboom|U-turn|p2a: Raging Bolt
|-damage|p2a: Raging Bolt|77/100
|
|t:|1748539156
|switch|p1a: Thundurus|Thundurus, M|100/100|[from] U-turn
|
|-weather|RainDance|[upkeep]
|upkeep
|turn|11
|
|t:|1748539167
|move|p1a: Thundurus|Wildbolt Storm|p2a: Raging Bolt
|-resisted|p2a: Raging Bolt
|-damage|p2a: Raging Bolt|71/100
|move|p2a: Raging Bolt|Electroweb|p1b: Incineroar|[spread] p1b
|-miss|p2a: Raging Bolt|p1a: Thundurus
|-damage|p1b: Incineroar|31/100
|-unboost|p1b: Incineroar|spe|1
|move|p1b: Incineroar|Parting Shot|p2a: Raging Bolt
|-unboost|p2a: Raging Bolt|atk|1
|-unboost|p2a: Raging Bolt|spa|1
|
|t:|1748539179
|switch|p1b: Rillaboom|Rillaboom, M, shiny|18/100|[from] Parting Shot
|-fieldstart|move: Grassy Terrain|[from] ability: Grassy Surge|[of] p1b: Rillaboom
|
|-weather|RainDance|[upkeep]
|-heal|p1b: Rillaboom|24/100|[from] Grassy Terrain
|-heal|p2a: Raging Bolt|78/100|[from] Grassy Terrain
|upkeep
|turn|12
|
|t:|1748539188
|move|p1b: Rillaboom|Fake Out|p2a: Raging Bolt
|-damage|p2a: Raging Bolt|68/100
|move|p1a: Thundurus|Wildbolt Storm|p2a: Raging Bolt
|-resisted|p2a: Raging Bolt
|-damage|p2a: Raging Bolt|62/100
|cant|p2a: Raging Bolt|flinch
|
|-weather|none
|-heal|p1b: Rillaboom|30/100|[from] Grassy Terrain
|-heal|p2a: Raging Bolt|68/100|[from] Grassy Terrain
|upkeep
|turn|13
|
|t:|1748539212
|move|p1a: Thundurus|Eerie Impulse|p2a: Raging Bolt
|-unboost|p2a: Raging Bolt|spa|2
|move|p1b: Rillaboom|U-turn|p2a: Raging Bolt
|-damage|p2a: Raging Bolt|51/100
|
|t:|1748539218
|switch|p1b: Incineroar|Incineroar, M, shiny|31/100|[from] U-turn
|-ability|p1b: Incineroar|Intimidate|boost
|-unboost|p2a: Raging Bolt|atk|1
|move|p2a: Raging Bolt|Draco Meteor|p1b: Incineroar
|-damage|p1b: Incineroar|0 fnt
|-unboost|p2a: Raging Bolt|spa|2
|faint|p1b: Incineroar
|
|-heal|p2a: Raging Bolt|57/100|[from] Grassy Terrain
|upkeep
|inactive|AlexiaWatson has 120 seconds left.
|
|t:|1748539226
|switch|p1b: Rillaboom|Rillaboom, M, shiny|30/100
|turn|14
|
|t:|1748539234
|move|p1a: Thundurus|Eerie Impulse|p2a: Raging Bolt
|-unboost|p2a: Raging Bolt|spa|2
|move|p1b: Rillaboom|Knock Off|p2a: Raging Bolt
|-damage|p2a: Raging Bolt|42/100
|move|p2a: Raging Bolt|Calm Mind|p2a: Raging Bolt
|-boost|p2a: Raging Bolt|spa|1
|-boost|p2a: Raging Bolt|spd|1
|
|-heal|p1b: Rillaboom|36/100|[from] Grassy Terrain
|-heal|p2a: Raging Bolt|48/100|[from] Grassy Terrain
|upkeep
|turn|15
|
|t:|1748539249
|move|p1a: Thundurus|Eerie Impulse|p2a: Raging Bolt
|-unboost|p2a: Raging Bolt|spa|1
|move|p1b: Rillaboom|Knock Off|p2a: Raging Bolt
|-damage|p2a: Raging Bolt|33/100
|move|p2a: Raging Bolt|Electroweb|p1b: Rillaboom|[spread] p1a,p1b
|-resisted|p1b: Rillaboom
|-damage|p1a: Thundurus|91/100
|-damage|p1b: Rillaboom|33/100
|-unboost|p1a: Thundurus|spe|1
|-unboost|p1b: Rillaboom|spe|1
|
|-heal|p1b: Rillaboom|39/100|[from] Grassy Terrain
|-heal|p2a: Raging Bolt|39/100|[from] Grassy Terrain
|-fieldend|move: Grassy Terrain
|upkeep
|turn|16
|
|t:|1748539265
|move|p1a: Thundurus|Eerie Impulse|p2a: Raging Bolt
|-unboost|p2a: Raging Bolt|spa|0
|move|p1b: Rillaboom|Knock Off|p2a: Raging Bolt
|-damage|p2a: Raging Bolt|25/100
|move|p2a: Raging Bolt|Draco Meteor|p1b: Rillaboom
|-damage|p1b: Rillaboom|19/100
|
|upkeep
|turn|17
|
|t:|1748539282
|move|p1a: Thundurus|Wildbolt Storm|p2a: Raging Bolt|[miss]
|-miss|p1a: Thundurus|p2a: Raging Bolt
|move|p1b: Rillaboom|Knock Off|p2a: Raging Bolt
|-damage|p2a: Raging Bolt|11/100
|move|p2a: Raging Bolt|Draco Meteor|p1b: Rillaboom
|-damage|p1b: Rillaboom|0 fnt
|faint|p1b: Rillaboom
|
|upkeep
|turn|18
|
|t:|1748539295
|move|p2a: Raging Bolt|Thunderclap|p1a: Thundurus
|-damage|p1a: Thundurus|76/100
|move|p1a: Thundurus|Wildbolt Storm|p2a: Raging Bolt
|-resisted|p2a: Raging Bolt
|-damage|p2a: Raging Bolt|6/100
|
|upkeep
|turn|19
|
|t:|1748539303
|move|p2a: Raging Bolt|Thunderclap|p1a: Thundurus
|-damage|p1a: Thundurus|59/100
|move|p1a: Thundurus|Wildbolt Storm|p2a: Raging Bolt
|-resisted|p2a: Raging Bolt
|-damage|p2a: Raging Bolt|2/100
|
|upkeep
|turn|20
|
|t:|1748539310
|move|p2a: Raging Bolt|Thunderclap|p1a: Thundurus
|-damage|p1a: Thundurus|44/100
|move|p1a: Thundurus|Wildbolt Storm|p2a: Raging Bolt|[miss]
|-miss|p1a: Thundurus|p2a: Raging Bolt
|
|upkeep
|turn|21
|
|t:|1748539317
|move|p2a: Raging Bolt|Thunderclap|p1a: Thundurus
|-damage|p1a: Thundurus|28/100
|move|p1a: Thundurus|Wildbolt Storm|p2a: Raging Bolt
|-resisted|p2a: Raging Bolt
|-damage|p2a: Raging Bolt|0 fnt
|faint|p2a: Raging Bolt
|-end|p2a: Raging Bolt|Protosynthesis|[silent]
|
|win|AlexiaWatson
|raw|AlexiaWatson's rating: 1107 &rarr; <strong>1132</strong><br />(+25 for winning)
|raw|coatoverwatch's rating: 1113 &rarr; <strong>1088</strong><br />(-25 for losing)
