|j|☆coatoverwatch
|j|☆JONNNYBOI
|t:|1748546116
|gametype|doubles
|player|p1|coatoverwatch|ghetsis-gen5bw|1212
|player|p2|JONNNYBOI|102|1140
|teamsize|p1|6
|teamsize|p2|6
|gen|9
|tier|[Gen 9] Doubles Ubers
|rated|
|rule|HP Percentage Mod: HP is shown in percentages
|rule|Endless Battle Clause: Forcing endless battles is banned
|rule|Species Clause: Limit one of each Pokémon
|rule|OHKO Clause: OHKO moves are banned
|rule|Evasion Moves Clause: Evasion moves are banned
|clearpoke
|poke|p1|Amoonguss, M|
|poke|p1|Kyogre|
|poke|p1|Lugia|
|poke|p1|Gholdengo|
|poke|p1|Incineroar, M|
|poke|p1|Raging Bolt|
|poke|p2|Raichu, M|
|poke|p2|Pelipper, F|
|poke|p2|Basculegion, M|
|poke|p2|Kyogre|
|poke|p2|Clefairy, M|
|poke|p2|Araquanid, M|
|teampreview
|inactive|Battle timer is ON: inactive players will automatically lose when time's up. (requested by JONNNYBOI)
|inactive|coatoverwatch also wants the timer to be on.
|
|t:|1748546137
|start
|switch|p1a: Amoonguss|Amoonguss, M, shiny|100/100
|switch|p1b: Incineroar|Incineroar, M|100/100
|switch|p2a: Pelipper|Pelipper, F|100/100
|switch|p2b: Raichu|Raichu, M|100/100
|-weather|RainDance|[from] ability: Drizzle|[of] p2a: Pelipper
|-ability|p1b: Incineroar|Intimidate|boost
|-unboost|p2a: Pelipper|atk|1
|-unboost|p2b: Raichu|atk|1
|turn|1
|
|t:|1748546156
|move|p2b: Raichu|Fake Out|p1a: Amoonguss
|-damage|p1a: Amoonguss|94/100
|move|p1b: Incineroar|Fake Out|p2a: Pelipper
|-damage|p2a: Pelipper|89/100
|cant|p2a: Pelipper|flinch
|cant|p1a: Amoonguss|flinch
|
|-weather|RainDance|[upkeep]
|-heal|p1a: Amoonguss|100/100|[from] item: Leftovers
|upkeep
|turn|2
|inactive|JONNNYBOI has 120 seconds left.
|
|t:|1748546189
|-terastallize|p2a: Pelipper|Ground
|move|p2b: Raichu|Discharge|p1b: Incineroar|[spread] p1a,p1b
|-immune|p2a: Pelipper
|-resisted|p1a: Amoonguss
|-damage|p1a: Amoonguss|91/100
|-damage|p1b: Incineroar|82/100
|move|p2a: Pelipper|Tailwind|p2a: Pelipper
|-sidestart|p2: JONNNYBOI|move: Tailwind
|move|p1b: Incineroar|Parting Shot|p2b: Raichu
|-unboost|p2b: Raichu|atk|1
|-unboost|p2b: Raichu|spa|1
|inactive|coatoverwatch has 120 seconds left.
|
|t:|1748546200
|switch|p1b: Lugia|Lugia|100/100|[from] Parting Shot
|move|p1a: Amoonguss|Toxic|p2b: Raichu
|-status|p2b: Raichu|tox
|
|-weather|RainDance|[upkeep]
|-heal|p1a: Amoonguss|98/100|[from] item: Leftovers
|-damage|p2b: Raichu|94/100 tox|[from] psn
|upkeep
|turn|3
|
|t:|1748546215
|-terastallize|p1b: Lugia|Ground
|move|p2b: Raichu|Discharge|p1b: Lugia|[spread] p1a
|-immune|p2a: Pelipper
|-immune|p1b: Lugia
|-resisted|p1a: Amoonguss
|-damage|p1a: Amoonguss|92/100
|move|p2a: Pelipper|Hurricane|p1a: Amoonguss
|-supereffective|p1a: Amoonguss
|-damage|p1a: Amoonguss|31/100
|-start|p1a: Amoonguss|confusion
|move|p1b: Lugia|Tailwind|p1b: Lugia
|-sidestart|p1: coatoverwatch|move: Tailwind
|-activate|p1a: Amoonguss|confusion
|-damage|p1a: Amoonguss|22/100|[from] confusion
|
|-weather|RainDance|[upkeep]
|-heal|p1a: Amoonguss|28/100|[from] item: Leftovers
|-damage|p2b: Raichu|82/100 tox|[from] psn
|upkeep
|turn|4
|
|t:|1748546244
|move|p1b: Lugia|Hurricane|p2a: Pelipper
|-damage|p2a: Pelipper|11/100
|-start|p2a: Pelipper|confusion
|-enditem|p2a: Pelipper|Sitrus Berry|[eat]
|-heal|p2a: Pelipper|36/100|[from] item: Sitrus Berry
|-damage|p1b: Lugia|91/100|[from] item: Life Orb
|move|p2b: Raichu|Discharge|p1b: Lugia|[spread] p1a
|-immune|p2a: Pelipper
|-immune|p1b: Lugia
|-resisted|p1a: Amoonguss
|-damage|p1a: Amoonguss|22/100
|-activate|p2a: Pelipper|confusion
|move|p2a: Pelipper|Hydro Pump|p1b: Lugia|[miss]
|-miss|p2a: Pelipper|p1b: Lugia
|-activate|p1a: Amoonguss|confusion
|-damage|p1a: Amoonguss|13/100|[from] confusion
|
|-weather|RainDance|[upkeep]
|-heal|p1a: Amoonguss|20/100|[from] item: Leftovers
|-damage|p2b: Raichu|63/100 tox|[from] psn
|upkeep
|turn|5
|
|t:|1748546271
|move|p1b: Lugia|Hurricane|p2a: Pelipper
|-damage|p2a: Pelipper|0 fnt
|faint|p2a: Pelipper
|-damage|p1b: Lugia|81/100|[from] item: Life Orb
|move|p2b: Raichu|Discharge|p1b: Lugia|[spread] p1a
|-immune|p1b: Lugia
|-resisted|p1a: Amoonguss
|-damage|p1a: Amoonguss|14/100
|-end|p1a: Amoonguss|confusion
|move|p1a: Amoonguss|Seed Bomb|p2b: Raichu
|-damage|p2b: Raichu|22/100 tox
|
|-weather|none
|-heal|p1a: Amoonguss|20/100|[from] item: Leftovers
|-damage|p2b: Raichu|0 fnt|[from] psn
|faint|p2b: Raichu
|-sideend|p2: JONNNYBOI|move: Tailwind
|upkeep
|inactive|JONNNYBOI has 120 seconds left.
|
|t:|1748546294
|switch|p2b: Araquanid|Araquanid, M|100/100
|switch|p2a: Kyogre|Kyogre|100/100
|-weather|RainDance|[from] ability: Drizzle|[of] p2a: Kyogre
|turn|6
|inactive|JONNNYBOI has 120 seconds left.
|
|t:|1748546305
|move|p1b: Lugia|Hurricane|p2b: Araquanid
|-supereffective|p2b: Araquanid
|-damage|p2b: Araquanid|0 fnt
|faint|p2b: Araquanid
|-damage|p1b: Lugia|71/100|[from] item: Life Orb
|move|p2a: Kyogre|Water Spout|p1b: Lugia|[spread] p1a,p1b
|-resisted|p1a: Amoonguss
|-supereffective|p1b: Lugia
|-damage|p1a: Amoonguss|0 fnt
|-damage|p1b: Lugia|0 fnt
|faint|p1a: Amoonguss
|faint|p1b: Lugia
|-damage|p2a: Kyogre|91/100|[from] item: Life Orb
|
|-weather|RainDance|[upkeep]
|-sideend|p1: coatoverwatch|move: Tailwind
|upkeep
|
|t:|1748546332
|switch|p1b: Raging Bolt|Raging Bolt|100/100
|switch|p2b: Clefairy|Clefairy, M|100/100
|switch|p1a: Incineroar|Incineroar, M|82/100
|-ability|p1a: Incineroar|Intimidate|boost
|-unboost|p2a: Kyogre|atk|1
|-unboost|p2b: Clefairy|atk|1
|-enditem|p1b: Raging Bolt|Booster Energy
|-activate|p1b: Raging Bolt|ability: Protosynthesis|[fromitem]
|-start|p1b: Raging Bolt|protosynthesisspa
|turn|7
|
|t:|1748546353
|switch|p2a: Basculegion|Basculegion, M|100/100
|move|p1a: Incineroar|Helping Hand|p1b: Raging Bolt
|-singleturn|p1b: Raging Bolt|Helping Hand|[of] p1a: Incineroar
|move|p2b: Clefairy|Follow Me|p2b: Clefairy
|-singleturn|p2b: Clefairy|move: Follow Me
|move|p1b: Raging Bolt|Electroweb|p2a: Basculegion|[spread] p2a,p2b
|-supereffective|p2a: Basculegion
|-damage|p2a: Basculegion|0 fnt
|-damage|p2b: Clefairy|58/100
|-unboost|p2b: Clefairy|spe|1
|faint|p2a: Basculegion
|
|-weather|RainDance|[upkeep]
|upkeep
|
|t:|1748546368
|switch|p2a: Kyogre|Kyogre|91/100
|turn|8
|inactive|JONNNYBOI has 120 seconds left.
|
|t:|1748546378
|move|p1a: Incineroar|Helping Hand|p1b: Raging Bolt
|-singleturn|p1b: Raging Bolt|Helping Hand|[of] p1a: Incineroar
|move|p2b: Clefairy|Helping Hand|p2a: Kyogre
|-singleturn|p2a: Kyogre|Helping Hand|[of] p2b: Clefairy
|move|p2a: Kyogre|Water Spout|p1b: Raging Bolt|[spread] p1a,p1b
|-supereffective|p1a: Incineroar
|-resisted|p1b: Raging Bolt
|-damage|p1a: Incineroar|0 fnt
|-damage|p1b: Raging Bolt|34/100
|faint|p1a: Incineroar
|-damage|p2a: Kyogre|81/100|[from] item: Life Orb
|move|p1b: Raging Bolt|Electroweb|p2b: Clefairy|[spread] p2a
|-miss|p1b: Raging Bolt|p2b: Clefairy
|-supereffective|p2a: Kyogre
|-damage|p2a: Kyogre|17/100
|-unboost|p2a: Kyogre|spe|1
|
|-weather|RainDance|[upkeep]
|upkeep
|
|t:|1748546394
|switch|p1a: Kyogre|Kyogre|100/100
|turn|9
|
|t:|1748546407
|move|p1a: Kyogre|Origin Pulse|p2b: Clefairy|[spread] p2a
|-miss|p1a: Kyogre|p2b: Clefairy
|-resisted|p2a: Kyogre
|-damage|p2a: Kyogre|0 fnt
|faint|p2a: Kyogre
|move|p1b: Raging Bolt|Electroweb|p2b: Clefairy
|-damage|p2b: Clefairy|20/100
|-unboost|p2b: Clefairy|spe|1
|move|p2b: Clefairy|Heal Pulse|p2: Kyogre|[notarget]
|-fail|p2b: Clefairy
|
|-weather|RainDance|[upkeep]
|upkeep
|turn|10
|-message|JONNNYBOI forfeited.
|
|win|coatoverwatch
|raw|coatoverwatch's rating: 1212 &rarr; <strong>1232</strong><br />(+20 for winning)
|raw|JONNNYBOI's rating: 1140 &rarr; <strong>1120</strong><br />(-20 for losing)
|l|☆JONNNYBOI
|player|p2|
